@book{Ard,
  title={Arduino},
  author={},

  url={https://es.wikipedia.org/wiki/Arduino},
  year={2016},
  publisher={Wiki commons}
}
@book{SL,
  title={Software Libre},
  author={},

  url={https://es.wikipedia.org/wiki/Software_libre},
  year={2016},
  publisher={Wiki commons}
}

@book{TX,
	title={Energia},
	author={},
	
	url={https://energia.nu/},
	year={2012},
	publisher={Texas Instruments}
}

