
@book{Lamarsh2001,
address = {Upper Saddle River, New Jersey 07458},
author = {Lamarsh, John R and Baratta, Anthony J},
edition = {Third},
editor = {Horton, Marcia J},
file = {:home/pablovc/Documentos/Materias/Nuclear/Introduction-to-Nuclear-Engineering-Lamarsh-3rd-Edition.pdf:pdf},
isbn = {0201824981},
keywords = {Nuclear},
mendeley-tags = {Nuclear},
pages = {801},
publisher = {Prentice Hall},
title = {{Introduction to Nuclear Engineering}},
year = {2001}
}

@article{Rosatom,
	author = {Rosatom},
	file = {:home/pablovc/Documentos/LaTeX-Proyectos/Nuclear/reactorVVER/VVERToday.pdf:pdf},
	title = {{Evolution | Design | Safety The VVER today}},
	url = {https://www.rosatom.ru/upload/iblock/0be/0be1220af25741375138ecd1afb18743.pdf}
}

@article{Regulation,
	author = {Regulation, Nuclear Reactor},
	file = {:home/pablovc/Documentos/Bibliografia/Nuclear/BWR/ML12104A196.pdf:pdf},
	title = {{Volume 2, Bases}},
	volume = {2}
}

@article{Matsuura2009,
	abstract = {},
	author = {Matsuura, Masayoshi and Aoyama, Motoo and Hirako, Shizuka and Moriya, Kumiaki},
	file = {:home/pablovc/Documentos/Bibliografia/Nuclear/BWR/r2009{\_}02{\_}103.pdf:pdf},
	issn = {0018277X},
	journal = {Hitachi Review},
	number = {2},
	pages = {53--60},
	title = {{Development of next-generation boiling water reactor}},
	volume = {58},
	year = {2009}
}

@article{Hitachi2007,
	author = {Hitachi, G E},
	file = {:home/pablovc/Documentos/Bibliografia/Nuclear/BWR/ABWR General Description Book.pdf:pdf},
	journal = {GE Imagination at work},
	title = {{The ESBWR Plant General Description}},
	year = {2007}
}






