@misc{WikiProbabilidad,
author = {Wikimedia foundation},
keywords = {probabilidad},
mendeley-tags = {probabilidad},
title = {{Distribuci{\'{o}}n normal}},
url = {https://es.wikipedia.org/wiki/Distribuci{\'{o}}n{\_}de{\_}probabilidad},
year = {2018}
}
