
@misc{WikiHisteresis,
	author = {Wikimedia foundation},
	keywords = {HisteresisWiki},
	mendeley-tags = {HisteresisWiki},
	title = {{Hist{\'{e}}resis}},
	url = {https://es.wikipedia.org/wiki/Hist{\'{e}}resis},
	urldate = {07/10/2018},
	year = {2018}
}