
@book{Lamarsh2001,
address = {Upper Saddle River, New Jersey 07458},
author = {Lamarsh, John R and Baratta, Anthony J},
edition = {Third},
editor = {Horton, Marcia J},
file = {:home/pablovc/Documentos/Materias/Nuclear/Introduction-to-Nuclear-Engineering-Lamarsh-3rd-Edition.pdf:pdf},
isbn = {0201824981},
keywords = {Nuclear},
mendeley-tags = {Nuclear},
pages = {801},
publisher = {Prentice Hall},
title = {{Introduction to Nuclear Engineering}},
year = {2001}
}

@article{Rosatom,
	author = {Rosatom},
	file = {:home/pablovc/Documentos/LaTeX-Proyectos/Nuclear/reactorVVER/VVERToday.pdf:pdf},
	title = {{Evolution | Design | Safety The VVER today}},
	url = {https://www.rosatom.ru/upload/iblock/0be/0be1220af25741375138ecd1afb18743.pdf}
}


@article{Nea-1995,
	author = {Nea-, Sinbad Abstract},
	file = {:home/pablovc/balacovo3.pdf:pdf},
	pages = {4--7},
	title = {{Balakovo-3 VVER-1000 Balakovo-3 VVER-1000}},
	year = {1995}
}

@article{vverWiki,
	file = {:home/pablovc/vverWiki.pdf:pdf},
	issn = {00389692},
	journal = {Standarty i Kachestvo},
	number = {4},
	pages = {98--99},
	title = {{Balakovo nuclear power station}},
	year = {2001}
}

@article{BaezaG.2009,
	author = {{Baeza G.}, Fernanda},
	doi = {10.2307/j.ctv86dfq6.4},
	file = {:home/pablovc/IntroVverWiki.pdf:pdf},
	issn = {07164076},
	journal = {Revista Chilena de Anestesia},
	number = {2},
	pages = {75--77},
	title = {{Aspectos generales}},
	volume = {38},
	year = {2009}
}




