@book{adams1995hitchhiker,
  title={The Hitchhiker's Guide to the Galaxy},
  author={Adams, D.},
  isbn={9781417642595},
  url={http://books.google.com/books?id=W-xMPgAACAAJ},
  year={1995},
  publisher={San Val}
}





@book{CA,
  title={Corriente Alterna},
  author={Wikipedia},
  
  url={https://es.wikipedia.org/wiki/Corriente_alterna},
  year={2018},
  publisher={Wikipedia Group}
}

@book{HDE,
  title={Historia de la Electricidad},
  author={Wikipedia},
  
  url={https://es.wikipedia.org/wiki/Historia_de_la_electricidad},
  year={2018},
  publisher={Wikipedia Group}
}

