@book{Parc,
  title={Parcial},
  author={WordReference},
  
  url={http://www.wordreference.com/definicion/parcial},
  year={2018},
  publisher={Word Reference}
}


@book{TeorB,
  title={Teoría de Bandas},
  author={WordReference},
  
  url={https://es.wikipedia.org/wiki/Teor\%C3\%ADa_de_bandas},
  year={2017},
  publisher={Wikipedia Group
}



@book{Atomo,
  title={Átomo},
  author={Wikipedia},
  
  url={https://es.wikipedia.org/wiki/\%C3\%81tomo

},
  year={2018},
  publisher={Wikipedia Group
}


@book{BohrAtomo,
  title={Modelo Atómico de Bohr},
  author={Wikipedia},
  
  url={
https://es.wikipedia.org/wiki/Modelo_at\%C3\%B3mico_de_Bohr

},
  year={2018},
  publisher={Wikipedia Group
}

@book{CirI,
  title={CircuitoIntegrado},
  author={Wikipedia},
  
  url={

https://es.wikipedia.org/wiki/Circuito_integrado

},
  year={2018},
  publisher={Wikipedia Group
}

@book{CondE,
  title={Conductividad Eléctrica},
  author={Wikipedia},
  
  url={

https://es.wikipedia.org/wiki/Conductividad_el\%C3\%A9ctrica


},
  year={2018},
  publisher={Wikipedia Group
}

@book{BandaPBD,
  title={Banda Prohibida},
  author={Wikipedia},
  
  url={

https://es.wikipedia.org/wiki/Banda_prohibida

},
  year={2018},
  publisher={Wikipedia Group
}

@book{CurvasLiss,
  title={Curvas de Lissajous},
  author={Wikipedia},
  
  url={

https://es.wikipedia.org/wiki/Curva_de_Lissajous



},
  year={2018},
  publisher={Wikipedia Group
}

@book{Frec,
  title={Frecuencia},
  author={Wikipedia},
  
  url={

https://es.wikipedia.org/wiki/Frecuencia




},
  year={2018},
  publisher={Wikipedia Group
}



@book{Defase,
  title={Defase},
  author={Wikipedia},
  
  url={

https://es.wikipedia.org/wiki/Desfase

},
  year={2018},
  publisher={Wikipedia Group
}


@book{RS,
  title={Resistividad},
  author={didactica},
  
  url={http://didactica.fisica.uson.mx/tablas/resistividad.htm},
  year={2018},
  publisher={http://didactica.fisica.uson.mx}
}

@book{Graf,
  title={Grafeno: propiedades eléctricas y mecánicas},
  author={Angel Núñez},
 
  url={ https://prezi.com/np0387baw5st/grafeno-propiedades-electricas-y-mecanicas/},
  year={2013},
  publisher={prezi.com}
}



@book{TN,
  title={Teorema de Noether},
  author={Wikipedia},
  
  url={https://es.wikipedia.org/wiki/Teorema_de_Noether},
  year={2017},
  publisher={Wikipedia Group}
}

@book{EE,
  title={Energía Eléctrica},
  author={Wikipedia},
  
  url={https://es.wikipedia.org/wiki/Energ\%C3\%ADa_el\%C3\%A9ctrica},
  year={2018},
  publisher={Wikipedia Group}
}

@book{Elec,
  title={Electricidad},
  author={Wikipedia},
  
  url={https://es.wikipedia.org/wiki/Electricidad},
  year={2018,
  publisher={Wikipedia Group}
}



%https://es.wikipedia.org/wiki/Anexo:Historia_de_la_computaci%C3%B3n



@book{ErrorEx,
  title={Error Experimental},
  author={Wikipedia},
  
  url={
https://es.wikipedia.org/wiki/Error_experimental

},
  year={2018,
  publisher={Wikipedia Group}
}
%#####COMIENZAN REFERENCIAS DE SISTEMAS DE COMUNICACION#####


@book{CA,
  title={Corriente Alterna},
  author={Wikipedia},
  
  url={https://es.wikipedia.org/wiki/Corriente_alterna},
  year={2018},
  publisher={Wikipedia Group}
  
}

@book{SenialesDeterministicas,
  title={Señales determinísticas y aleatorias},
  author={Javier Martínez Martínez},
  
  url={
https://javiermtzmtz.wordpress.com/2012/09/17/senales-deterministicas-y-aleatorias/},
  year={2012},
  publisher={Wordpress}
  
}

@book{RelacionParseval,
  title={Relación de Parseval},
  author={Wikipedia},
  
  url={https://es.wikipedia.org/wiki/Relaci\%C3\%B3n_de_Parseval
},
  year={2017},
  publisher={Wikipedia Group}
  
}

%#######CITAR MANUAL Sistemas de Comunicacion#####
@book{ManualSC,
  title={Parcial},
  author={WordReference},
  
  url={http://www.wordreference.com/definicion/parcial},
  year={2018},
  publisher={Word Reference}
}

@book{TransmisionVoz,
  title={Transmision de la Voz},
  author={IssabelTech},
  
  url={http://elastixtech.com/fundamentos-de-telefonia/transmision-de-la-voz/},
  year={2018},
  publisher={IssabelTech-ElastixTech}
}

@book{Distorsion,
  title={Distorsión},
  author={MI. Mario Alfredo Ibarra Carrillo},
  
  url={https://maixx.files.wordpress.com/2011/03/sce_cap04_02.pdf},
  year={2008},
  publisher={Maixx's Weblog}
}

@book{Sinusoide,
  title={Sinusoide},
  author={Wikipedia},
  
  url={https://es.wikipedia.org/wiki/Sinusoide},
  year={2018},
  publisher={Wikipedia group}
}

@book{MediaCuadratica,
  title={Media Cuadrática},
  author={Wikipedia},
  
  url={https://es.wikipedia.org/wiki/Media_cuadr\%C3\%A1tica},
  year={2018},
  publisher={Wikipedia group}
}

@book{Capitulo1SC,
  title={Ruido},
  author={División de Ingenería Eléctrica},
  
  url={http://www.fi-b.unam.mx/Profesores/AbelHerrera/SistemasComunica/notas.html
},
  year={2018},
  publisher={Facultad de Ingeniería}
}



@book{DistribucionNormal,
  title={Distribución Normal},
  author={Wikipedia},
  
  url=https://es.wikipedia.org/wiki/Distribuci\%C3\%B3n_normal
},
  year={2018},
  publisher={Wikipedia group}
}

@book{IndiceModulacion,
  title={Qué es el índice de modulación},
  author={gedress07},
  
  url=https://www.scribd.com/doc/36908974/Que-es-el-indice-de-modulacion
},
  year={2018},
  publisher={scribd}
}

@book{SeriesFourier,
  title={Series de Fourier},
  author={Mateo Leonidez},
  
  url=https://es.slideshare.net/MateoLeonidez/series-de-fourier-15638802


},
  year={2018},
  publisher={slideshare}
}


@book{Tomasi,
  title={Sistemas de comunicaciones electrónicas},
  author={Wayne Tomasi},
  
  url=http://librosysolucionarios.net/sistemas-de-comunicaciones-electronicas-4ta-edicion/
},
  year={2011},
  publisher={Pearson Prentice Hall}
}







%####MUY IMPORTANTE FOURIER PARA SEÑALES####
%http://haxr.org/omar/papers/PDF/Avelar%20&%20Romero%20-%20Serie%20de%20Fourier.pdf

%https://maixx.wordpress.com/

%###SEÑALES###ttps://www.taringa.net/posts/ciencia-educacion/15901203/Mediciones-en-alterna-Valor-eficaz-medio-y-de-pico.html

