@book{EnergiaWiki,
	author = {WikimediaGroup},
	title = {Energia},
	date = {Mayo2018}
	
}
