@book{EnergiaWiki,
	author = {WikimediaGroup},
	title = {Energia},
	date = {Mayo2018}
	
}





@book{LamparaIncandescente,
	author = {WikimediaGroup},
	title = {Lámpara Incandescente},
	date = {Mayo2018},
	URL={https://es.wikipedia.org/wiki/L\%C3\%A1mpara_incandescente}
	
}

@book{LamparaFLuorescente,
	author = {WikimediaGroup},
	title = {Lámpara Flourescente Compacta},
	date = {Mayo2018},
	URL={https://es.wikipedia.org/wiki/L\%C3\%A1mpara_fluorescente_compacta}
	
}



@book{LamparaLED,
	author = {WikimediaGroup},
	title = {Lámpara LED},
	date = {Mayo2018},
	URL={https://es.wikipedia.org/wiki/L\%C3\%A1mpara_led}
	
}



@book{EcuacionesMaxwell,
	author = {WikimediaGroup},
	title = {Ecuaciones de Maxwell},
	date = {Julio2018},
	URL={https://es.wikipedia.org/wiki/Ecuaciones_de_Maxwell}
	
}

@book{LeyesKirchhoff,
	author = {WikimediaGroup},
	title = {Leyes de Kirchhoff},
	date = {Julio2018},
	URL={https://es.wikipedia.org/wiki/Leyes_de_Kirchhoff
	}
	
}

@book{CircuitoParametrosConcentrados,
	author = {WikimediaGroup},
	title = {Circuito de parametros concentrados},
	date = {Julio2018},
	URL={https://es.wikipedia.org/wiki/Circuito_de_par%C3%A1metros_concentrados
	
	
	
	}
	
}

@book{Sinusoide,
	title={Sinusoide},
	author={Wikipedia},
	
	url={https://es.wikipedia.org/wiki/Sinusoide},
	year={2018},
	publisher={Wikipedia group}
}





