@misc{NationalInstruments2018,
author = {NationalInstruments},
keywords = {National Instruments},
title = {{NI Elvis}},
url = {http://www.ni.com/es-mx/shop/select/ni-elvis?storeId=12713{\&}userLocale=es-MX{\&}requestLanguage=es{\&}localeGroup=es-mx{\&}requestLangId=-5{\&}langId=-5},
urldate = {18/09/2018},
year = {2018}
}