
@book{LamparaIncandescente,
	author = {WikimediaGroup},
	title = {LÃ¡mpara Incandescente},
	date = {Mayo2018},
	URL={https://es.wikipedia.org/wiki/L\%C3\%A1mpara_incandescente}
	
}

@book{GitIntro,
	author = {Git},
	title = {Git --everything-is-local},
	date = {Julio2018},
	URL={https://git-scm.com/}
	
}



@book{DeepL,
	author = {DeepL},
	title = {Traduccion},
	date = {Julio2018},
	URL={www.DeepL.com/Translator}
}

@book{DebianIntro,
	author = {Debian Organization},
	title = {Debian},
	date = {Julio2018},
	URL={https://www.debian.org/index.es.html}
}

@book{UbuntuIntro,
	author = {Canonical},
	title = {Ubuntu Desktop},
	date = {Julio2018},
	URL={https://www.ubuntu.com/desktop}
}



