@misc{FisicaPractica,
author = {FisicaPractica},
title = {{Representaci{\'{o}}n Fasorial}},
url = {https://www.fisicapractica.com/fasores.php},
urldate = {30/09/2018}
}
