@book{adams1995hitchhiker,
  title={The Hitchhiker's Guide to the Galaxy},
  author={Adams, D.},
  isbn={9781417642595},
  url={http://books.google.com/books?id=W-xMPgAACAAJ},
  year={1995},
  publisher={San Val}
}




@book{Abaco,
  title={Abaco},
  author={Wikipedia},
  
  url={https://es.wikipedia.org/wiki/\%C3\%81baco},
  year={2018},
  publisher={Wikipedia Group}
}

@book{Pascalina,
  title={Pascalina},
  author={Wikipedia},
  
  url={https://es.wikipedia.org/wiki/Pascalina},
  year={2018},
  publisher={Wikipedia Group}
}



@book{TP,
  title={Tarjeta perforada},
  author={Wikipedia},
  
  url={https://es.wikipedia.org/wiki/Tarjeta_perforada},
  year={2018},
  publisher={Wikipedia Group}
}

@book{HDE,
  title={Historia de la Electricidad},
  author={Wikipedia},
  
  url={https://es.wikipedia.org/wiki/Historia_de_la_electricidad},
  year={2018},
  publisher={Wikipedia Group}
}

@book{HDC,
  title={Historia de la Computaci√≥n},
  author={Wikipedia},
  
  url={https://es.wikipedia.org/wiki/Anexo:Historia_de_la_computaci\%C3\%B3n},
  year={2018},
  publisher={Wikipedia Group}
}

%https://es.wikipedia.org/wiki/Anexo:Historia_de_la_computaci%C3%B3n
