@book{Parc,
  title={Parcial},
  author={WordReference},
  
  url={http://www.wordreference.com/definicion/parcial},
  year={2018},
  publisher={Word Reference}
}


@book{TeorB,
  title={Teoría de Bandas},
  author={WordReference},
  
  url={https://es.wikipedia.org/wiki/Teor\%C3\%ADa_de_bandas},
  year={2017},
  publisher={Wikipedia Group
}



@book{Atomo,
  title={Átomo},
  author={Wikipedia},
  
  url={https://es.wikipedia.org/wiki/\%C3\%81tomo

},
  year={2018},
  publisher={Wikipedia Group
}


@book{BohrAtomo,
  title={Modelo Atómico de Bohr},
  author={Wikipedia},
  
  url={
https://es.wikipedia.org/wiki/Modelo_at\%C3\%B3mico_de_Bohr

},
  year={2018},
  publisher={Wikipedia Group
}

@book{CirI,
  title={CircuitoIntegrado},
  author={Wikipedia},
  
  url={

https://es.wikipedia.org/wiki/Circuito_integrado

},
  year={2018},
  publisher={Wikipedia Group
}

@book{CondE,
  title={Conductividad Eléctrica},
  author={Wikipedia},
  
  url={

https://es.wikipedia.org/wiki/Conductividad_el\%C3\%A9ctrica


},
  year={2018},
  publisher={Wikipedia Group
}

@book{BandaPBD,
  title={Banda Prohibida},
  author={Wikipedia},
  
  url={

https://es.wikipedia.org/wiki/Banda_prohibida

},
  year={2018},
  publisher={Wikipedia Group
}

@book{CurvasLiss,
  title={Curvas de Lissajous},
  author={Wikipedia},
  
  url={

https://es.wikipedia.org/wiki/Curva_de_Lissajous



},
  year={2018},
  publisher={Wikipedia Group
}

@book{Frec,
  title={Frecuencia},
  author={Wikipedia},
  
  url={

https://es.wikipedia.org/wiki/Frecuencia




},
  year={2018},
  publisher={Wikipedia Group
}



@book{Defase,
  title={Defase},
  author={Wikipedia},
  
  url={

https://es.wikipedia.org/wiki/Desfase

},
  year={2018},
  publisher={Wikipedia Group
}


@book{RS,
  title={Resistividad},
  author={didactica},
  
  url={http://didactica.fisica.uson.mx/tablas/resistividad.htm},
  year={2018},
  publisher={http://didactica.fisica.uson.mx}
}

@book{Graf,
  title={Grafeno: propiedades eléctricas y mecánicas},
  author={Angel Núñez},
 
  url={ https://prezi.com/np0387baw5st/grafeno-propiedades-electricas-y-mecanicas/},
  year={2013},
  publisher={prezi.com}
}



@book{TN,
  title={Teorema de Noether},
  author={Wikipedia},
  
  url={https://es.wikipedia.org/wiki/Teorema_de_Noether},
  year={2017},
  publisher={Wikipedia Group}
}

@book{EE,
  title={Energía Eléctrica},
  author={Wikipedia},
  
  url={https://es.wikipedia.org/wiki/Energ\%C3\%ADa_el\%C3\%A9ctrica},
  year={2018},
  publisher={Wikipedia Group}
}

@book{Elec,
  title={Electricidad},
  author={Wikipedia},
  
  url={https://es.wikipedia.org/wiki/Electricidad},
  year={2018,
  publisher={Wikipedia Group}
}



%https://es.wikipedia.org/wiki/Anexo:Historia_de_la_computaci%C3%B3n



@book{ErrorEx,
  title={Error Experimental},
  author={Wikipedia},
  
  url={
https://es.wikipedia.org/wiki/Error_experimental

},
  year={2018,
  publisher={Wikipedia Group}
}


@book{FiltroDigital,
  title={Filtro Digital},
  author={Wikipedia},
  url={
https://es.wikipedia.org/wiki/Filtro_digital
},
  year={2017,
  publisher={Wikipedia Group}
}

@book{FiltroPasoAlto,
  title={Filtro paso alto},
  author={Wikipedia},
  url={
https://es.wikipedia.org/wiki/Filtro_paso_alto
},
  year={2018,
  publisher={Wikipedia Group}
}

@book{FiltroPasoBajo,
  title={Filtro paso bajo},
  author={Wikipedia},
  url={
https://es.wikipedia.org/wiki/Filtro_paso_bajo

},
  year={2016,
  publisher={Wikipedia Group}
}

@book{FiltroPasoBanda,
  title={Filtro paso banda},
  author={Wikipedia},
  url={
https://es.wikipedia.org/wiki/Filtro_paso_banda

},
  year={2017,
  publisher={Wikipedia Group}
}



@book{AmplificadorOperacional,
  title={Amplificador Operacional},
  author={Wikipedia},
  url={
https://es.wikipedia.org/wiki/Amplificador_operacional

},
  year={2018,
  publisher={Wikipedia Group}
}



@book{valorEficazWiki,
  title={Valor Eficaz},
  author={Wikipedia},
  
  url={https://es.wikipedia.org/wiki/Valor_eficaz},
  year={2016},
  publisher={Wikipedia Group}
}

@book{multiplicadorTendionWiki,
  title={Multiplicador de tensión},
  author={Wikipedia},
  
  url={https://es.wikipedia.org/wiki/Multiplicador_de_tensi\%C3\%B3n
},
  year={2017},
  publisher={Wikipedia Group}
}


@book{circuitoMediaOnda,
  title={Rectificador de Media Onda},
  author={Wikipedia},
  
  url={https://es.wikipedia.org/wiki/Rectificador_de_media_onda},
  year={2016},
  publisher={Wikipedia Group}
}

@book{circuitoOnda,
  title={Rectificador de Onda Completa},
  author={Wikipedia},
  
  url={https://es.wikipedia.org/wiki/Rectificador_de_onda_completa},
  year={2016},
  publisher={Wikipedia Group}
}

@book {puente,
  title={Puente Rectificador},
  author={Wikipedia},
  
  url={https://es.wikipedia.org/wiki/Puente_rectificador},
  year={2016},
  publisher={Wikipedia Group}
}

@book {FiltroParaCorrienteAlterna,
  title={Filtro para la corriente alterna rectificada.},
  author={Sitio},
  
  url={http://mrelbernitutoriales.com/filtro-blog/},
  year={2018},
  publisher={MrElberni}
}


@book{circuitoMediaOnda,
  title={Rectificador de Media Onda},
  author={Wikipedia},
  
  url={https://es.wikipedia.org/wiki/Rectificador_de_media_onda},
  year={2016},
  publisher={Wikipedia Group}
}

@book{circuitoOnda,
  title={Rectificador de Onda Completa},
  author={Wikipedia},
  
  url={https://es.wikipedia.org/wiki/Rectificador_de_onda_completa},
  year={2016},
  publisher={Wikipedia Group}
}

@book {puente,
  title={Puente Rectificador},
  author={Wikipedia},
  
  url={https://es.wikipedia.org/wiki/Puente_rectificador},
  year={2016},
  publisher={Wikipedia Group}
}





@book{multTensWiki,
  title={Multiplicador de Tensión},
  author={Wikipedia},
  
  url={https://es.wikipedia.org/wiki/Multiplicador_de_tensi\%C3\%B3n},
  year={2016},
  publisher={Wikipedia Group}
}





@book{dZener,
  title={Diodo Zener},
  author={Wikipedia},
  
  url={http://www.areatecnologia.com/electronica/diodo-zener.html},
  year={2016},
  publisher={areatecnologia}
}


@book{regTensWiki,
  title={Regulador de Tensión},
  author={Wikipedia},
  
  url={https://es.wikipedia.org/wiki/Regulador_de_tensi\%C3\%B3n},
  year={2016},
  publisher={Wikipedia Group}
}

@book{regZener,
  title={Regulador de Voltaje con Diodo Zener},
  author={Electronica Unicrom},
  
  url={https://unicrom.com/regulador-de-voltaje-con-diodo-zener/},
  year={2016},
  publisher={unicrom}
}



