@book{adams1995hitchhiker,
  title={The Hitchhiker's Guide to the Galaxy},
  author={Adams, D.},
  isbn={9781417642595},
  url={http://books.google.com/books?id=W-xMPgAACAAJ},
  year={1995},
  publisher={San Val}
}


@book{multTensWiki,
  title={Multiplicador de Tensión},
  author={Wikipedia},
  
  url={https://es.wikipedia.org/wiki/Multiplicador_de_tensi\%C3\%B3n},
  year={2016},
  publisher={Wikipedia Group}
}





@book{dZener,
  title={Diodo Zener},
  author={Wikipedia},
  
  url={http://www.areatecnologia.com/electronica/diodo-zener.html},
  year={2016},
  publisher={areatecnologia}
}


@book{regTensWiki,
  title={Regulador de Tensión},
  author={Wikipedia},
  
  url={https://es.wikipedia.org/wiki/Regulador_de_tensi\%C3\%B3n},
  year={2016},
  publisher={Wikipedia Group}
}

@book{regZener,
  title={Regulador de Voltaje con Diodo Zener},
  author={Electronica Unicrom},
  
  url={https://unicrom.com/regulador-de-voltaje-con-diodo-zener/},
  year={2016},
  publisher={unicrom}
}
