
@book{TBJwiki,
  title={Transistor de uni√≥n bipolar},
  author={Wikipedia},
  
  url={https://es.wikipedia.org/wiki/Transistor_de_uni\%C3\%B3n_bipolar},
  year={2017},
  publisher={Wikipedia group}
}
