
@book{circuitoMediaOnda,
  title={Rectificador de Media Onda},
  author={Wikipedia},
  
  url={https://es.wikipedia.org/wiki/Rectificador_de_media_onda},
  year={2016},
  publisher={Wikipedia Group}
}

@book{circuitoOnda,
  title={Rectificador de Onda Completa},
  author={Wikipedia},
  
  url={https://es.wikipedia.org/wiki/Rectificador_de_onda_completa},
  year={2016},
  publisher={Wikipedia Group}
}

@book {puente,
  title={Puente Rectificador},
  author={Wikipedia},
  
  url={https://es.wikipedia.org/wiki/Puente_rectificador},
  year={2016},
  publisher={Wikipedia Group}
}

@book{Rizado,
  title={Rizado},
  author={Wikipedia},
  
  url={https://es.wikipedia.org/wiki/Rizado},
  year={2016},
  publisher={Wikipedia Group}
}
