@book{adams1995hitchhiker,
  title={The Hitchhiker's Guide to the Galaxy},
  author={Adams, D.},
  isbn={9781417642595},
  url={http://books.google.com/books?id=W-xMPgAACAAJ},
  year={1995},
  publisher={San Val}
}


@book{diodoWiki,
  title={Diodo},
  author={Wikipedia},
  
  url={https://es.wikipedia.org/wiki/Diodo},
  year={2016},
  publisher={Wikipedia Group}
}