@book{adams1995hitchhiker,
  title={The Hitchhiker's Guide to the Galaxy},
  author={Adams, D.},
  isbn={9781417642595},
  url={http://books.google.com/books?id=W-xMPgAACAAJ},
  year={1995},
  publisher={San Val}
}




@book{PSI,
  title={Prefijos del Sistema Internacional},
  author={Wikipedia},
  
  url={https://es.wikipedia.org/wiki/Prefijos_del_Sistema_Internacional},
  year={2018},
  publisher={Wikipedia Group}
}

@book{EAP,
  title={Elementos activos y pasivos},
  author={ AlanFher Gonzalez},
  
  url={https://es.slideshare.net/AlanFher/elementos-pasivos-y-activos-en-un-circuito-elctrico},
  year={2018},
  publisher={Slideshare}
}



@book{CA,
  title={Corriente Alterna},
  author={Wikipedia},
  
  url={https://es.wikipedia.org/wiki/Corriente_alterna},
  year={2018},
  publisher={Wikipedia Group}
}

@book{HDE,
  title={Historia de la Electricidad},
  author={Wikipedia},
  
  url={https://es.wikipedia.org/wiki/Historia_de_la_electricidad},
  year={2018},
  publisher={Wikipedia Group}
}

@book{HDC,
  title={Historia de la Computaci√≥n},
  author={Wikipedia},
  
  url={https://es.wikipedia.org/wiki/Anexo:Historia_de_la_computaci\%C3\%B3n},
  year={2018},
  publisher={Wikipedia Group}
}

%https://es.wikipedia.org/wiki/Anexo:Historia_de_la_computaci%C3%B3n
