@book{adams1995hitchhiker,
  title={The Hitchhiker's Guide to the Galaxy},
  author={Adams, D.},
  isbn={9781417642595},
  url={http://books.google.com/books?id=W-xMPgAACAAJ},
  year={1995},
  publisher={San Val}
}




@book{TT,
  title={Toma de tierra},
  author={Wikipedia},
  
  url={https://es.wikipedia.org/wiki/Toma_de_tierra},
  year={2018},
  publisher={Wikipedia Group}
}

@book{Res,
  title={Resisitividad},
  author={Wikipedia},
  
  url={https://es.wikipedia.org/wiki/Resistividad},
  year={2018},
  publisher={Wikipedia Group}
}



@book{Fus,
  title={Fusible},
  author={Wikipedia},
  
  url={https://es.wikipedia.org/wiki/Fusible},
  year={2018},
  publisher={Wikipedia Group}
}

@book{TieV,
  title={Tierra Virtual},
  author={Wikipedia},
  
  url={http://copro.com.ar/Tierra_virtual.html},
  year={2018},
  publisher={Wikipedia Group}
}

@book{Tirs,
  title={Tiristor},
  author={Wikipedia},
  
  url={https://es.wikipedia.org/wiki/Tiristor},
  year={2017},
  publisher={Wikipedia Group}
}

%https://es.wikipedia.org/wiki/Anexo:Historia_de_la_computaci%C3%B3n