@book{adams1995hitchhiker,
  title={The Hitchhiker's Guide to the Galaxy},
  author={Adams, D.},
  isbn={9781417642595},
  url={http://books.google.com/books?id=W-xMPgAACAAJ},
  year={1995},
  publisher={San Val}
}




@book{RS,
  title={Resistividad},
  author={didactica},
  
  url={http://didactica.fisica.uson.mx/tablas/resistividad.htm},
  year={2018},
  publisher={http://didactica.fisica.uson.mx}
}

@book{Graf,
  title={Grafeno: propiedades eléctricas y mecánicas},
  author={Angel Núñez},
 
  url={ https://prezi.com/np0387baw5st/grafeno-propiedades-electricas-y-mecanicas/},
  year={2013},
  publisher={prezi.com}
}



@book{TN,
  title={Teorema de Noether},
  author={Wikipedia},
  
  url={https://es.wikipedia.org/wiki/Teorema_de_Noether},
  year={2017},
  publisher={Wikipedia Group}
}

@book{EE,
  title={Energía Eléctrica},
  author={Wikipedia},
  
  url={https://es.wikipedia.org/wiki/Energ\%C3\%ADa_el\%C3\%A9ctrica},
  year={2018},
  publisher={Wikipedia Group}
}

@book{Elec,
  title={Electricidad},
  author={Wikipedia},
  
  url={https://es.wikipedia.org/wiki/Electricidad},
  year={2018,
  publisher={Wikipedia Group}
}

%https://es.wikipedia.org/wiki/Anexo:Historia_de_la_computaci%C3%B3n