@misc{Angelo-kun2015,
author = {M{\'{a}}quinasEl{\'{e}}ctricasparaTodos},
keywords = {MaquinasElectricas},
mendeley-tags = {MaquinasElectricas},
pages = {1},
title = {{Pruebas El{\'{e}}ctricas en Transformadores}},
url = {https://maquinaselectricasunam.blogspot.com/2015/05/pruebas-electricas-en-transformadores.html},
urldate = {2018-09-16},
year = {2015}
}
