
@book{Lamarsh2001,
address = {Upper Saddle River, New Jersey 07458},
author = {Lamarsh, John R and Baratta, Anthony J},
edition = {Third},
editor = {Horton, Marcia J},
file = {:home/pablovc/Documentos/Materias/Nuclear/Introduction-to-Nuclear-Engineering-Lamarsh-3rd-Edition.pdf:pdf},
isbn = {0201824981},
keywords = {Nuclear},
mendeley-tags = {Nuclear},
pages = {801},
publisher = {Prentice Hall},
title = {{Introduction to Nuclear Engineering}},
year = {2001}
}

@article{Rosatom,
	author = {Rosatom},
	file = {:home/pablovc/Documentos/LaTeX-Proyectos/Nuclear/reactorVVER/VVERToday.pdf:pdf},
	title = {{Evolution | Design | Safety The VVER today}},
	url = {https://www.rosatom.ru/upload/iblock/0be/0be1220af25741375138ecd1afb18743.pdf}
}



