@article{BolanosD.2015,
	author = {Bola√±os D.},
	pages = {1--5},
	title = {Leyes de Kirchhoff},
	url = {http://www.bolanosdj.com.ar/MOVIL/ANALOGICA/LeyesdeKirchhoff.pdf},
	year = {2015}
}
@article{RualthGustavoBravoAnaya1891,
	author = {Rualth Gustavo Bravo Anaya},
	pages = {4--65},
	title = {Ley de Ohm Actividades},
	volume = {2},
	year = {1891}
}
