@book{Renewables2017globalstatusreport2017,
abstract = {Global Status Report: Towards a zero-emission, efficient and resilient buildings and construction sector This Global Status Report documents the status and trends of key indicators for energy use, emissions, technologies, policies, and investments to track the buildings and construction sector, globally and in key regions. Central findings of this report include:},
author = {{Renewables 2017 global status report}},
isbn = {9783981810769},
pages = {1--302},
title = {{Global status report 2017}},
year = {2017}
}
@article{Matsubara2018,
author = {Matsubara, Hironao and Blos, Yvonne and Saaler, Sven},
number = {September},
title = {{Renewable Energy Policies and the Energy Transition in Japan Renewable Energy Policies and the Energy Transition in Japan}},
year = {2018}
}
@article{InternationalEnergyAgency2016,
author = {{International Energy Agency}},
journal = {Iea},
title = {{Japan 2016}},
url = {www.iea.org},
year = {2016}
}
@article{METI2016,
author = {METI},
file = {:home/pablovc/Documentos/LaTeX-proyectos/InstroSistemasEnergeticos/JAPON{\_}ENERGIA{\_}PABLo/No-descartables/japan{\_}energy{\_}2016.pdf:pdf},
pages = {16},
title = {{Japan's energy; 20 Questions to understand the current energy situation}},
url = {http://www.enecho.meti.go.jp/en/category/brochures/pdf/japan{\_}energy{\_}2016.pdf},
year = {2016}
}
@article{DuPlessis2015,
author = {du Plessis, Louis},
file = {:home/pablovc/Documentos/LaTeX-proyectos/InstroSistemasEnergeticos/JAPON{\_}ENERGIA{\_}PABLo/No-descartables/Japan{\_}biomass{\_}market{\_}overview.pdf:pdf},
journal = {Jetro},
number = {November},
pages = {1--10},
title = {{Japan's Biomass Market}},
year = {2015}
}
@article{Prominense2018,
author = {Prominense, B and Intercontinental, A N A and Tokyo, Hotel and Hrkman, Lou and Klein, Michael and Alvarez, Carlos Fernandez},
file = {:home/pablovc/Documentos/LaTeX-proyectos/InstroSistemasEnergeticos/JAPON{\_}ENERGIA{\_}PABLo/No-descartables/2018CleanCoalDayConference{\_}program{\_}result.pdf:pdf},
pages = {2018},
title = {{Clean Coal Day in Japan 2018 International Symposium ROLE OF COAL ENERGY TOWARDS LOW CARBON SOCIETY}},
year = {2018}
}
@article{Ryanair2018,
author = {Ryanair},
file = {:home/pablovc/Documentos/LaTeX-proyectos/InstroSistemasEnergeticos/JAPON{\_}ENERGIA{\_}PABLo/No-descartables/FY2017{\_}AnnualReport.pdf:pdf},
number = {December},
pages = {195},
title = {{Ryanair FY2017 Annual Report}},
url = {https://investor.ryanair.com/wp-content/uploads/2017/07/Ryanair-FY2017-Annual-Report.pdf},
year = {2018}
}
