@book{EnergiaWiki,
	author = {WikimediaGroup},
	title = {Energia},
	date = {Mayo2018}
	
}





@book{LamparaIncandescente,
	author = {WikimediaGroup},
	title = {Lámpara Incandescente},
	date = {Mayo2018},
	URL={https://es.wikipedia.org/wiki/L\%C3\%A1mpara_incandescente}
	
}

@book{LamparaFLuorescente,
	author = {WikimediaGroup},
	title = {Lámpara Flourescente Compacta},
	date = {Mayo2018},
	URL={https://es.wikipedia.org/wiki/L\%C3\%A1mpara_fluorescente_compacta}
	
}



@book{LamparaLED,
	author = {WikimediaGroup},
	title = {Lámpara LED},
	date = {Mayo2018},
	URL={https://es.wikipedia.org/wiki/L\%C3\%A1mpara_led}
	
}





